<?xml version="1.0" encoding="UTF-8"?><collection xmlns="http://www.loc.gov/MARC21/slim"><record><leader>00547nam--2200181-u-4500</leader><controlfield tag="001">000053511</controlfield><controlfield tag="002">20161230</controlfield><controlfield tag="005">20161230201051</controlfield><controlfield tag="008">110408s1000------------r-----000-0-fre-d</controlfield><datafield ind1=" " ind2=" " tag="040"><subfield code="a">IFIN-HH</subfield></datafield><datafield ind1=" " ind2=" " tag="041"><subfield code="a">fre</subfield></datafield><datafield ind1=" " ind2=" " tag="080"><subfield code="a">551.465:551.464.3</subfield></datafield><datafield ind1="1" ind2=" " tag="110"><subfield code="a">Institutul Roman De Cercetari Marine Constanta</subfield></datafield><datafield ind1="1" ind2="0" tag="245"><subfield code="a">Cercetari marine - recherches marines -</subfield><subfield code="b">1998 international year of the ocean unesco</subfield></datafield><datafield ind1=" " ind2=" " tag="260"><subfield code="a">Constanta</subfield><subfield code="b">Institutul Roman De Cercetari Marine</subfield><subfield code="c">2001</subfield></datafield><datafield ind1=" " ind2=" " tag="300"><subfield code="a">309P</subfield></datafield><datafield ind1=" " ind2=" " tag="852"><subfield code="a">81273</subfield><subfield code="c">551</subfield></datafield><datafield ind1=" " ind2=" " tag="CAT"><subfield code="a">Sys</subfield><subfield code="c">20110408</subfield><subfield code="h">131551</subfield></datafield></record></collection>